
@inproceedings{nandakumar_mobisys15,
	author = {Nandakumar, Rajalakshmi and Gollakota, Shyamnath and Watson, Nathaniel},
	title = {Contactless Sleep Apnea Detection on Smartphones},
	booktitle = {Proceedings of the 13th Annual International Conference on Mobile Systems, Applications, and Services},
	series = {MobiSys '15},
	year = {2015},
	isbn = {978-1-4503-3494-5},
	location = {Florence, Italy},
	pages = {45--57},
	numpages = {13},
	acmid = {2742674},
	publisher = {ACM},
	address = {New York, NY, USA},
	keywords = {contactless breathing monitoring, mobile health, phone sonar, sleep apnea},
} 

@inproceedings{Adib_acm15,
	author = {Adib, Fadel and Mao, Hongzi and Kabelac, Zachary and Katabi, Dina and Miller, Robert C.},
	title = {Smart Homes That Monitor Breathing and Heart Rate},
	booktitle = {Proceedings of the 33rd Annual ACM Conference on Human Factors in Computing Systems},
	series = {CHI '15},
	year = {2015},
	isbn = {978-1-4503-3145-6},
	location = {Seoul, Republic of Korea},
	pages = {837--846},
	numpages = {10},
	acmid = {2702200},
	publisher = {ACM},
	address = {New York, NY, USA},
	keywords = {breathing, seeing through walls, smart homes, vital signs, well-being, wireless},
}